@Misc{pichler2018quantum,
  title        = "Quantum Optimization for Maximum Independent Set Using
                 Rydberg Atom Arrays",
  author       = "Hannes Pichler and Sheng-Tao Wang and Leo Zhou and
                 Soonwon Choi and Mikhail D. Lukin",
  year         = "2018",
  eprint       = "1808.10816",
  archiveprefix = "arXiv",
  primaryclass = "quant-ph",
  URL          = "https://arxiv.org/abs/1808.10816",
}

@Misc{pichler2018computational,
  title        = "Computational complexity of the Rydberg blockade in
                 two dimensions",
  author       = "Hannes Pichler and Sheng-Tao Wang and Leo Zhou and
                 Soonwon Choi and Mikhail D. Lukin",
  year         = "2018",
  eprint       = "1809.04954",
  archiveprefix = "arXiv",
  primaryclass = "quant-ph",
  URL          = "https://arxiv.org/abs/1809.04954",
}

@Article{kim2022rydberg,
  author       = "Minhyuk Kim and Kangheun Kim and Jaeyong Hwang and
                 Eun-Gook Moon and Jaewook Ahn",
  title        = "Rydberg quantum wires for maximum independent set
                 problems",
  journal      = "Nature Physics",
  year         = "2022",
  month        = jul,
  day          = "01",
  volume       = "18",
  number       = "7",
  pages        = "755--759",
  ISSN         = "1745-2481",
  DOI          = "10.1038/s41567-022-01629-5",
  URL          = "https://doi.org/10.1038/s41567-022-01629-5",
}

@Article{dalyac2024graph,
  author       = "Constantin Dalyac and Lucas Leclerc and Louis Vignoli
                 and Mehdi Djellabi and Wesley da Silva Coelho and Bruno
                 Ximenez and Alexandre Dareau and Davide Dreon and
                 Vincent E. Elfving and Adrien Signoles and Louis-Paul
                 Henry and Lo{\"i}c Henriet",
  title        = "Graph algorithms with neutral atom quantum
                 processors",
  journal      = "The European Physical Journal A",
  year         = "2024",
  month        = sep,
  day          = "06",
  volume       = "60",
  number       = "9",
  pages        = "177",
  ISSN         = "1434-601X",
  DOI          = "10.1140/epja/s10050-024-01385-5",
  URL          = "https://doi.org/10.1140/epja/s10050-024-01385-5",
}

@Misc{wurtz2024industry,
  title        = "Industry applications of neutral-atom quantum
                 computing solving independent set problems",
  author       = "Jonathan Wurtz and Pedro L. S. Lopes and Christoph
                 Gorgulla and Nathan Gemelke and Alexander Keesling and
                 Shengtao Wang",
  year         = "2024",
  eprint       = "2205.08500",
  archiveprefix = "arXiv",
  primaryclass = "quant-ph",
  URL          = "https://arxiv.org/abs/2205.08500",
}

@Article{byun2022finding,
  title        = "Finding the Maximum Independent Sets of Platonic
                 Graphs Using Rydberg Atoms",
  author       = "Andrew Byun and Minhyuk Kim and Jaewook Ahn",
  journal      = "PRX Quantum",
  volume       = "3",
  issue        = "3",
  pages        = "030305",
  numpages     = "10",
  year         = "2022",
  month        = jul,
  publisher    = "American Physical Society",
  DOI          = "10.1103/PRXQuantum.3.030305",
  URL          = "https://link.aps.org/doi/10.1103/PRXQuantum.3.030305",
}

@Article{biedl2006three,
  author       = "Therese Biedl and Torsten Thiele and David R. Wood",
  title        = "Three-Dimensional Orthogonal Graph Drawing with
                 Optimal Volume",
  journal      = "Algorithmica",
  year         = "2006",
  month        = mar,
  day          = "01",
  volume       = "44",
  number       = "3",
  pages        = "233--255",
  DOI          = "10.1007/s00453-005-1148-z",
  URL          = "https://doi.org/10.1007/s00453-005-1148-z",
}

@Misc{cain2023quantum,
  title        = "Quantum speedup for combinatorial optimization with
                 flat energy landscapes",
  author       = "Madelyn Cain and Sambuddha Chattopadhyay and Jin-Guo
                 Liu and Rhine Samajdar and Hannes Pichler and Mikhail
                 D. Lukin",
  year         = "2023",
  eprint       = "2306.13123",
  archiveprefix = "arXiv",
  primaryclass = "quant-ph",
  URL          = "https://arxiv.org/abs/2306.13123",
}

@InProceedings{dell2010satisfiability,
  author       = "Holger Dell and Dieter van Melkebeek",
  editor       = "Leonard J. Schulman",
  title        = "Satisfiability allows no nontrivial sparsification
                 unless the polynomial-time hierarchy collapses",
  booktitle    = "Proceedings of the 42nd {ACM} Symposium on Theory of
                 Computing, {STOC} 2010, Cambridge, Massachusetts, {USA,
                 5-8} June 2010",
  pages        = "251--260",
  publisher    = "{ACM}",
  year         = "2010",
  URL          = "https://doi.org/10.1145/1806689.1806725",
  DOI          = "10.1145/1806689.1806725",
  timestamp    = "Sun, 19 Jan 2025 13:28:37 +0100",
  biburl       = "https://dblp.org/rec/conf/stoc/DellM10.bib",
  bibsource    = "dblp computer science bibliography, https://dblp.org",
}

@Misc{dalyac2023exploring,
  title        = "Exploring the impact of graph locality for the
                 resolution of {MIS} with neutral atom devices",
  author       = "Constantin Dalyac and Louis-Paul Henry and Minhyuk Kim
                 and Jaewook Ahn and Lo√Øc Henriet",
  year         = "2023",
  eprint       = "2306.13373",
  archiveprefix = "arXiv",
  primaryclass = "quant-ph",
  URL          = "https://arxiv.org/abs/2306.13373",
}

@Article{barredo2018synthetic,
  author       = "Daniel Barredo and Vincent Lienhard and Sylvain de
                 L{\'e}s{\'e}leuc and Thierry Lahaye and Antoine
                 Browaeys",
  title        = "Synthetic three-dimensional atomic structures
                 assembled atom by atom",
  journal      = "Nature",
  year         = "2018",
  month        = sep,
  day          = "01",
  volume       = "561",
  number       = "7721",
  pages        = "79--82",
  ISSN         = "1476-4687",
  DOI          = "10.1038/s41586-018-0450-2",
  URL          = "https://doi.org/10.1038/s41586-018-0450-2",
}
